@INPROCEEDINGS{1684377, 
author={G. Callas}, 
booktitle={2006 2nd International Conference on Information Communication Technologies}, 
title={Process Based Enterprise Architecture Building}, 
year={2006}, 
volume={1}, 
number={}, 
pages={239-244}, 
keywords={business data processing;management of change;process planning;process enterprise architecture;enterprise system;middleware;organizational boundary;process thinking;business operation;optimal change management;Buildings;Business process re-engineering;Computer architecture;Productivity;Project management;Banking;Radiofrequency identification;Management information systems;Databases;Packaging;Enterprise Agility;Enabling Process Managed Enterprise;business processes and IT alignment;business processes streamlining;Enterprise Architecture Flexibility;BPM;BPMS;Enterprise Application Integration}, 
doi={10.1109/ICTTA.2006.1684377}, 
ISSN={}, 
month={April},}
@INPROCEEDINGS{6690543, 
author={A. Zimmermann and M. Pretz and G. Zimmermann and D. G. Firesmith and I. Petrov and E. El-Sheikh}, 
booktitle={2013 17th IEEE International Enterprise Distributed Object Computing Conference Workshops}, 
title={Towards Service-Oriented Enterprise Architectures for Big Data Applications in the Cloud}, 
year={2013}, 
volume={}, 
number={}, 
pages={130-135}, 
keywords={Big Data;cloud computing;knowledge based systems;service-oriented architecture;Web services;service-oriented cloud-based enterprise system;method framework for engineering system architecture;MFESA;enterprise services architecture reference cube;ESARC;large-scale information system;enterprise services computing;program comprehension;semantic analysis;architecture reference model;software engineering method;Big Data management;knowledge-based system;Web services;cloud computing;service-oriented big data application;service-oriented enterprise architecture classification;Image color analysis;Estimation;Reflection;Image segmentation;Transforms;Principal component analysis;Mathematical model;Big Data Applications;Big Data Management;Enterprise Systems Architecture;Service-oriented Enterprise Architectures;Cloud Computing;Cloud Services Architecture}, 
doi={10.1109/EDOCW.2013.21}, 
ISSN={2325-6583}, 
month={Sept},}