@book{Bol13,
	author = {Bolanos, S.},
	title = {PrS},
}
